<?xml version="1.0" encoding="UTF-8"?><collection xmlns="http://www.loc.gov/MARC21/slim"><record><leader>00410nam--2200133-i-4500</leader><controlfield tag="001">000033429</controlfield><controlfield tag="002">20161230</controlfield><controlfield tag="005">20161230201039</controlfield><controlfield tag="008">060222s1000------------r-----000-0-eng-d</controlfield><datafield ind1=" " ind2=" " tag="080"><subfield code="a">550.34(45)</subfield></datafield><datafield ind1=" " ind2=" " tag="100"><subfield code="a">Monti, Virgilio</subfield></datafield><datafield ind1=" " ind2=" " tag="245"><subfield code="a">Notizie sui terremoti osservati in italia durante l`anno 1906</subfield></datafield><datafield ind1=" " ind2=" " tag="260"><subfield code="a">Roma, R.Ufficio Centrale Di Meteorilogia E Geodinamica Al Collegio Romano, 1905, 128p</subfield></datafield><datafield ind1=" " ind2=" " tag="852"><subfield code="a">47474</subfield></datafield></record></collection>